@phdthesis{张哲睿2014WM,
	title={WM公司财务会计的内控案例分析},
	author={张哲睿},
	school={云南大学},
	year={2014},
}

@article{吴定祥2015中国联想并购摩托罗拉案例分析,
	title={中国联想并购摩托罗拉案例分析},
	author={吴定祥},
	journal={对外经贸实务},
	number={4},
	pages={69-71},
	year={2015},
}

@article{孙瑞娟2010企业并购财务风险的分析与防范,
	title={企业并购财务风险的分析与防范},
	author={孙瑞娟 and 英艳华},
	journal={技术与创新管理},
	number={1},
	pages={73-75},
	year={2010},
}

@article{孙新宇2016企业财务风险识别与防范案例分析,
	title={企业财务风险识别与防范案例分析},
	author={孙新宇},
	journal={农村经济与科技},
	volume={27},
	number={23},
	pages={154-155},
	year={2016},
}

@article{赵军2011浅谈财务风险分析与防范,
	title={浅谈财务风险分析与防范},
	author={赵军},
	journal={投资与合作},
	number={12},
	pages={57-58},
	year={2011},
}

@article{陈国宏2012技术导向型产业集群创新研究——以沈阳高新区产业集群为例,
	title={技术导向型产业集群创新研究——以沈阳高新区产业集群为例},
	author={陈国宏 and 马洁},
	journal={沈阳师范大学学报(社会科学版)},
	volume={36},
	number={4},
	pages={44-46},
	year={2012},
}

@article{杨有红2004试论公司治理与内部控制的对接,
	title={试论公司治理与内部控制的对接},
	author={杨有红 and 胡燕},
	journal={会计研究},
	number={10},
	pages={14-18},
	year={2004},
}

@article{罗慧辉2005技术创新与市场的碰撞———“铱星计划”与“小灵通”的案例比较研究,
	title={技术创新与市场的碰撞———“铱星计划”与“小灵通”的案例比较研究},
	author={罗慧辉 and 刘先涛 and 伍怡},
	journal={技术经济与管理研究},
	number={1},
	pages={64-65},
	year={2005},
}

@article{郭国庆2000技术创新与市场营销──美国铱星公司和,
	title={技术创新与市场营销──美国铱星公司和ICO公司失误的启示},
	author={郭国庆},
	journal={企业管理},
	number={1},
	pages={42-43},
	year={2000},
}

@book{2016企业战略与风险管理,
	title={企业战略与风险管理},
	year={2016},
}

